<?xml version="1.0" encoding="UTF-8"?><record xmlns="http://www.loc.gov/MARC21/slim" xmlns:cinclude="http://apache.org/cocoon/include/1.0" xmlns:zs="http://www.loc.gov/zing/srw/">
  <leader>00493nz  a2200145n  4500</leader>
  <controlfield tag="001">no2011065717</controlfield>
  <controlfield tag="003">DLC</controlfield>
  <controlfield tag="005">20110428075134.0</controlfield>
  <controlfield tag="008">110426n| acannaabn          |a ana     c</controlfield>
  <datafield tag="010" ind1=" " ind2=" ">
    <subfield code="a">no2011065717</subfield>
  </datafield>
  <datafield tag="035" ind1=" " ind2=" ">
    <subfield code="a">(OCoLC)oca08839642</subfield>
  </datafield>
  <datafield tag="040" ind1=" " ind2=" ">
    <subfield code="a">MoSU-L</subfield>
    <subfield code="b">eng</subfield>
    <subfield code="c">MoSU-L</subfield>
  </datafield>
  <datafield tag="110" ind1="1" ind2=" ">
    <subfield code="a">El Salvador.</subfield>
    <subfield code="t">Código procesal penal (2009)</subfield>
  </datafield>
  <datafield tag="410" ind1="1" ind2=" ">
    <subfield code="a">El Salvador.</subfield>
    <subfield code="t">Decreto no. 733</subfield>
  </datafield>
  <datafield tag="670" ind1=" " ind2=" ">
    <subfield code="a">Compilación penal, 2010?:</subfield>
    <subfield code="b">p. 133 (Código procesal penal; Decreto no. 733) p. 264 (enters into force on 1 July 2009)</subfield>
  </datafield>
</record>